<?xml version="1.0" encoding="utf-8"?>
<record xmlns="http://www.loc.gov/MARC21/slim" xmlns:xsi="http://www.w3.org/2001/XMLSchema-instance" xsi:schemaLocation="http://www.loc.gov/MARC21/slim http://www.loc.gov/standards/marcxml/schema/MARC21slim.xsd">
	<leader>     nam a22        4500</leader>
	<controlfield tag="001">2958901</controlfield>
	<controlfield tag="003">NNC</controlfield>
	<controlfield tag="006">m        d        </controlfield>
	<controlfield tag="007">cr cn |||m|||a</controlfield>
	<controlfield tag="008">150621s1969    iq      o     000 0 ara d</controlfield>
	<datafield ind1=" " ind2=" " tag="040">
		<subfield code="a">NNU</subfield>
		<subfield code="b">eng</subfield>
		<subfield code="e">rda</subfield>
		<subfield code="c">NNU</subfield>
	</datafield>
	<datafield ind1=" " ind2="4" tag="050">
		<subfield code="a">BP183.6</subfield>
		<subfield code="b">.A541</subfield>
	</datafield>
	<datafield ind1="1" ind2=" " tag="100">
		<subfield code="6">880-01</subfield>
		<subfield code="a">Āl Kāshif al-Ghiṭā, Muḥammad al-Ḥusayn,</subfield>
		<subfield code="d">1877-1954.</subfield>
	</datafield>
	<datafield ind1="1" ind2="0" tag="245">
		<subfield code="6">880-02</subfield>
		<subfield code="a">Qaḍīyat Filasṭīn al-kubrá /</subfield>
		<subfield code="c">fī Khuṭab Muḥammad al-Ḥusayn Kāshif al-Ghiṭāʼ.</subfield>
	</datafield>
	<datafield ind1="3" ind2=" " tag="246">
		<subfield code="6">880-03</subfield>
		<subfield code="a">Khuṭab al-arbaʼ</subfield>
	</datafield>
	<datafield ind1=" " ind2=" " tag="260">
		<subfield code="6">880-04</subfield>
		<subfield code="a">[al-Najaf] :</subfield>
		<subfield code="b">Dār al-Nuʻmān,</subfield>
		<subfield code="c">[1969]</subfield>
	</datafield>
	<datafield ind1=" " ind2=" " tag="300">
		<subfield code="a">online resource (183 pages)</subfield>
	</datafield>
	<datafield ind1=" " ind2=" " tag="336">
		<subfield code="a">text</subfield>
		<subfield code="2">rdacontent</subfield>
	</datafield>
	<datafield ind1=" " ind2=" " tag="337">
		<subfield code="a">computer</subfield>
		<subfield code="2">rdamedia</subfield>
	</datafield>
	<datafield ind1=" " ind2=" " tag="338">
		<subfield code="a">online resource</subfield>
		<subfield code="2">rdacarrier</subfield>
	</datafield>
	<datafield ind1=" " ind2=" " tag="500">
		<subfield code="a">Sermons on p. [65]-152 were previously published under title: al-Khuṭab al-arbaʼ.</subfield>
	</datafield>
	<datafield ind1=" " ind2=" " tag="500">
		<subfield code="a">Part of the Arabic Collections Online (ACO) project, contributed by Columbia University Libraries.</subfield>
	</datafield>
	<datafield ind1="0" ind2=" " tag="505">
		<subfield code="a">Fatāwī al-Imām li-inqādh Filasṭīn -- Khutbah fī al-ittiḥād wa-al-iqtiṣād -- Khutbah fī al-ʻIshār -- Khutbah fī al-Baṣrah -- Khutbah fī al-Ḥillah -- Khutbah fī al-Najaf -- Khutbah fī mawlid al-Imām Amīr al-Muʼminīn bi-Baghdād -- Khutbah fī al-Muʼtamar al-Islāmī bi-Bākistān.</subfield>
	</datafield>
	<datafield ind1=" " ind2=" " tag="533">
		<subfield code="a">Electronic reproduction.</subfield>
		<subfield code="b">New York, N.Y. :</subfield>
		<subfield code="c">New York University,</subfield>
		<subfield code="d">2015.</subfield>
		<subfield code="5">NNU</subfield>
	</datafield>
	<datafield ind1=" " ind2="0" tag="650">
		<subfield code="a">Jewish-Arab relations.</subfield>
	</datafield>
	<datafield ind1=" " ind2="0" tag="650">
		<subfield code="a">Islamic sermons, Arabic.</subfield>
	</datafield>
	<datafield ind1=" " ind2="7" tag="650">
		<subfield code="a">Islamic sermons, Arabic.</subfield>
		<subfield code="2">fast</subfield>
		<subfield code="0">(OCoLC)fst00980059</subfield>
	</datafield>
	<datafield ind1=" " ind2="7" tag="650">
		<subfield code="a">Jewish-Arab relations.</subfield>
		<subfield code="2">fast</subfield>
		<subfield code="0">(OCoLC)fst00983106</subfield>
	</datafield>
	<datafield ind1="1" ind2=" " tag="700">
		<subfield code="6">880-05</subfield>
		<subfield code="a">Āl Kāshif al-Ghiṭā, Muḥammad al-Ḥusayn,</subfield>
		<subfield code="d">1877-1954.</subfield>
		<subfield code="t">Khuṭab al-arbaʼ.</subfield>
	</datafield>
	<datafield ind1="2" ind2=" " tag="710">
		<subfield code="a">Columbia University.</subfield>
		<subfield code="b">Libraries.</subfield>
	</datafield>
	<datafield ind1="0" ind2=" " tag="730">
		<subfield code="a">Arabic Collections Online.</subfield>
	</datafield>
	<datafield ind1="0" ind2="8" tag="776">
		<subfield code="i">Online version:</subfield>
		<subfield code="a">Āl Kāshif al-Ghiṭā, Muḥammad al-Ḥusayn, 1877-1954.</subfield>
		<subfield code="t">Qaḍīyat Filasṭīn al-kubrá.</subfield>
		<subfield code="d">[al-Najaf] : Dār al-Nuʻmān, [1969]</subfield>
		<subfield code="w">(OCoLC)556062010</subfield>
	</datafield>
	<datafield ind1="0" ind2="8" tag="776">
		<subfield code="i">Print version:</subfield>
		<subfield code="a">Āl Kāshif al-Ghiṭā, Muḥammad al-Ḥusayn, 1877-1954.</subfield>
		<subfield code="t">Qaḍīyat Filasṭīn al-kubrá</subfield>
		<subfield code="w">(NNC)2958901</subfield>
		<subfield code="w">(OCoLC)17499141</subfield>
	</datafield>
	<datafield ind1="4" ind2="0" tag="856">
		<subfield code="u">http://hdl.handle.net/2333.1/zs7h475p</subfield>
	</datafield>
	<datafield ind1="1" ind2=" " tag="880">
		<subfield code="6">100-01/r</subfield>
		<subfield code="a">آل كاشف الغطاء، محمد الحسين،,</subfield>
		<subfield code="d">1877-1954.</subfield>
	</datafield>
	<datafield ind1="1" ind2="0" tag="880">
		<subfield code="6">245-02/r</subfield>
		<subfield code="a">قضية فلسطين الكبرى /</subfield>
		<subfield code="c">في خطب محمد الحسين كاشف الغطاء.</subfield>
	</datafield>
	<datafield ind1="3" ind2=" " tag="880">
		<subfield code="6">246-03/r</subfield>
		<subfield code="a">خطب االأربع</subfield>
	</datafield>
	<datafield ind1=" " ind2=" " tag="880">
		<subfield code="6">260-04/r</subfield>
		<subfield code="a">[النجف] :</subfield>
		<subfield code="b">دار النعمان،</subfield>
		<subfield code="c">[1969]</subfield>
	</datafield>
	<datafield ind1="1" ind2=" " tag="880">
		<subfield code="6">700-05/r</subfield>
		<subfield code="a">آل كاشف الغطاء، محمد الحسين،,</subfield>
		<subfield code="d">1877-1954.</subfield>
		<subfield code="t">خطب الأربع.</subfield>
	</datafield>
	<datafield ind1=" " ind2=" " tag="959">
		<subfield code="a">NNU</subfield>
		<subfield code="b">WEB</subfield>
		<subfield code="c">GENI</subfield>
		<subfield code="t">0</subfield>
		<subfield code="m">Electronic access</subfield>
		<subfield code="s">01</subfield>
	</datafield>
	<datafield ind1=" " ind2=" " tag="999">
		<subfield code="i">NNC_2958901</subfield>
		<subfield code="o">(OCoLC)ocm17499141 </subfield>
		<subfield code="s">columbia_aco000972</subfield>
	</datafield>
</record>
